@article{Lu2020Dec,
	author = {Lu, Kevin and Grover, Aditya and Abbeel, Pieter and Mordatch, Igor},
	title = {{Reset-Free Lifelong Learning with Skill-Space Planning}},
	journal = {arXiv},
	year = {2020},
	month = {Dec},
	eprint = {2012.03548},
	url = {https://arxiv.org/abs/2012.03548v2}
}
